@article{ray1975t,
  title={On t-designs},
  author={Ray-Chaudhuri, Dijen K and Wilson, Richard M},
  year={1975}
}

@article{frankl1981intersection,
  title={Intersection theorems with geometric consequences},
  author={Frankl, Peter and Wilson, Richard M.},
  journal={Combinatorica},
  volume={1},
  pages={357--368},
  year={1981},
  publisher={Springer}
}
@article{chung1981note,
  title={A note on constructive methods for Ramsey numbers},
  author={Chung, Fan RK},
  journal={Journal of Graph Theory},
  volume={5},
  number={1},
  pages={109--113},
  year={1981},
  publisher={Wiley Online Library}
}
@article{hilbert1893ueber,
	title={Ueber die vollen Invariantensysteme},
	author={Hilbert, David},
	journal={Mathematische Annalen},
	volume={Band 42},
	pages={313--337},
	year={1893}
}



@article{nagy1972certain,
  title={A certain constructive estimate of the {R}amsey number},
  author={Nagy, Zsigmond},
  journal={Mat. Lapok},
  volume={23},
  number={301-302},
  pages={26},
  year={1972}
}
@article{graver1968some,
  title={Some graph theoretic results associated with {R}amsey's theorem},
  author={Graver, Jack E and Yackel, James},
  journal={Journal of Combinatorial Theory},
  volume={4},
  number={2},
  pages={125--175},
  year={1968},
  publisher={Elsevier}
}
@article{chachamis2018ramsey,
  title={Ramsey Numbers},
  author={Chachamis, Christos Nestor},
  year={2018}
}

@article{hsieh1975intersection,
  title={Intersection theorems for systems of finite vector spaces},
  author={Hsieh, WN},
  journal={Discrete Mathematics},
  volume={12},
  number={1},
  pages={1--16},
  year={1975},
  publisher={Elsevier}
}
